@TECHREPORT{Zitzler01spea2:improving,
    author = {Eckart Zitzler and Marco Laumanns and Lothar Thiele},
    title = {SPEA2: Improving the Strength Pareto Evolutionary Algorithm},
    institution = {},
    year = {2001}
}

@inproceedings{Kur91,
	AUTHOR		= {Frank Kursawe},
	TITLE		= {{A Variant of Evolution Strategies for
				Vector Optimization}},
	PAGES		= {193--197},

	EDITOR		= {H.--P.~Schwefel and R.~M{\"a}nner},
	BOOKTITLE	= {Parallel Problem Solving from Nature ---
				Proc.~1st Workshop PPSN},
	SERIES		= {Lecture Notes in Computer Science},
	VOLUME		= {496},
	PUBLISHER	= {Springer},
	ADDRESS		= {Berlin},
	YEAR		= {1991}
}
